@online{3BankenIT,
	author={3BankenIT},
	title = {3 Banken IT GmbH},
	url = {https://www.3beg.at},
	urldate = {2019-09-02},
	year = {2019}
}

@online{DockerDoc,
	author = {DockerInc.},
	title = {Docker Documentation},
	year = 2019,
	url = {https://docs.docker.com/},
	urldate = {2019-10-23}
}

@book{MicroservicesNewman,
	title={Building Microservices},
	author={Sam Newman},
	year={2015},
	publisher={O'Reilly Media}
}

@book{PracticalMicroservices,
	author = {Umesh Ram Sharma},
	title = {Practical Microservices},
	year = 2017,
	publisher = {Packt Publishing Limited}
}

@online{FowlerDSM,
	author = {Stefan Tilkov},
	title = {Don’t start with a monolith},
	year = 2015,
	url = {https://martinfowler.com/articles/dont-start-monolith.html},
	urldate = {2020-01-02}
}

@book{SpringMicroservices,
	author = {Rajesh R V},
	title = {Spring Microservices},
	year = 2016,
	publisher = {Packt Publishing Limited}
}

@book{MonolithVSMicroservices,
	author = {Kinnary Jangla},
	title = {Accelerating Development Velocity Using Docker},
	year = 2018,
	publisher = {Apress, Berkeley, CA}
}

@book{MicroservicesForJavaDevelopers,
	author = {Christian Posta},
	title = {Microservices for Java Developers},
	year = {2016},
	publisher = {O'Reilly Media Inc.}
}

@book{MicroservicesVSSOA,
	author={Mark Richards},
	title={Microservices vs. Service-Oriented Architecture},
	year=2016,
	publisher={O'Reilly Media Inc.}
}

@book{SpringBoot2,
	author={Michael Simons},
	title={Spring Boot 2},
	year={2018},
	publisher={dpunkt.verlag GmbH}
}

@online{OpenshiftDoc,
	author = {RedHatInc.},
	title = {OpenShift Container Platform 3.5 Documentation},
	year = 2019,
	url = {https://docs.openshift.com/container-platform/3.5/
welcome/index.html},
	urldate = {2019-10-23}
}

@book{ProAngular6,
	author={Adam Freeman},
	title={Pro Angular 6, 3. Aufl.,},
	location={London, UK},
	year={2018},
	hyphenation={german}
}

@BOOK{PicozziHepburnConnor2017, 
	author="{Picozzi, Stefano. and Hepburn, and Mike. O\'Connor, Noel}", 
	title="DevOps with Openshift", 
	year="2017", 
	publisher="O’Reilly Media, Inc.", 
	address="1005 Gravenstein Highway North, Sebastopol, CA 95472"}

@BOOK{Morris2017, 
	author="{Kief Morris}", 
	title="Infrastructure as Code: Managing Servers in the Cloud", 
	year="2016", 
	publisher="O’Reilly Media, Inc.", 
	address="1005 Gravenstein Highway North, Sebastopol, CA 95472",
	ISBN="978-1491975961"}

@BOOK{Newman2015, 
	author={Sam Newman}, 
	title="Building Microservices: Designing Fine-Grained Systems", 
	year="2015", 
	publisher="O’Reilly Media, Inc.", 
	address="1005 Gravenstein Highway North, Sebastopol, CA 95472",
    ISBN="978-1491950357"}



@online{MartinFowlerBlog,
	author = {Martin Fowler},
	title = {martinfowler.com},
	year = 2017,
	url = {https://martinfowler.com},
	urldate = {2017-12-10}
}


