# --- Online-References ---

@online{Fabric8Online,
	author	=	{{Red Hat}},
	title	=	{Fabric8 Documentation},
	url		=	{https://fabric8.io},
	urldate	=	{2020-04-08},
	year	=	{2020}
}

@online{SpringBootOnline,
	author	=	{{Pivotal Software}},
	title	=	{Spring Boot Documentation},
	url		=	{https://spring.io},
	urldate	=	{2020-04-08},
	year	=	{2020}
}

@online{3BankenIT,
	author	=	{3BankenIT},
	title	=	{3 Banken IT GmbH},
	url		=	{https://www.3beg.at},
	urldate	=	{2019-09-02},
	year	= 	{2019}
}

@online{jaeger,
	author	=	{Jaeger},
	title	=	{Jaeger Documentation},
	url		=	{https://www.jaegertracing.io/},
	urldate	=	{2020-04-03},
	year	=	{2020}
}

@online{DockerDoc,
	author	=	{DockerInc.},
	title	=	{Docker Documentation},
	year	= 	{2019},
	url		= 	{https://docs.docker.com/},
	urldate	= 	{2019-10-23}
}

@online{OpenshiftDoc,
	author	= 	{{Red Hat}},
	title	= 	{OpenShift Container Platform 3.5 Documentation},
	year	= 	{2019},
	url		= 	{https://docs.openshift.com/container-platform/3.5/welcome/index.html},
	urldate	= 	{2019-10-23}
}

@online{FowlerDSM,
	author	=	{Stefan Tilkov},
	title	= 	{Don’t Start with a Monolith},
	year	= 	{2015},
	url		=	{https://martinfowler.com/articles/dont-start-monolith.html},
	urldate	=	{2020-01-02}
}

@online{MartinFowlerBlog,
	author	= 	{Martin Fowler},
	title	=	{martinfowler.com},
	year	=	{2017},
	url		=	{https://martinfowler.com},
	urldate	=	{2017-12-10}
}

@online{OpenShiftOnline,
	author	= 	{{Red Hat}},
	title	=	{OpenShift Container Platform 3.5 Architecture},
	year	=	{2019},
	url		=	{https://docs.openshift.com/container-platform/3.5/architecture},
	urldate	=	{2020-03-25}
}
# --- Books ---
# - Microservices -

@book{MicroservicesNewman,
	title		=	{Building Microservices},
	author		=	{Sam Newman},
	year		=	{2015},
	publisher	=	{O'Reilly Media}
}

@book{PracticalMicroservices,
	author		=	{Umesh Ram Sharma},
	title		=	{Practical Microservices},
	year 		=	{2017},
	publisher 	=	{Packt Publishing Limited}
}

@book{SpringMicroservices,
	author		=	{Rajesh},
	title 		=	{Spring Microservices},
	year 		=	{2016},
	publisher 	=	{Packt Publishing Limited}
}

@book{MonolithVSMicroservices,
	author		=	{Kinnary Jangla},
	title		=	{Accelerating Development Velocity Using Docker},
	year		=	{2018},
	publisher	=	{Apress, Berkeley, CA}
}

@book{MicroservicesForJavaDevelopers,
	author		=	{Christian Posta},
	title 		=	{Microservices for Java Developers},
	year 		=	{2016},
	publisher 	=	{O'Reilly Media Inc.}
}

@book{MicroservicesVSSOA,
	author		=	{Mark Richards},
	title		=	{Microservices vs. Service-Oriented Architecture},
	year		=	{2016},
	publisher	=	{O'Reilly Media Inc.}
}

@book{Newman2015, 
	author		=	{Sam Newman}, 
	title		=	{Building Microservices: Designing Fine-Grained Systems}, 
	year		=	{2015}, 
	publisher	=	{O’Reilly Media, Inc.} 
}

@book{MicroservicesForTheEnterprise, 
	author		=	{Kasun Indrasiri and Prabath Siriwardena}, 
	title		=	{Microservices for the Enterprise}, 
	year		=	{2018}, 
	publisher	=	{Apress} 
}

# - Cloud Computing -
@book{CloudComputing, 
	author		=	"Lizhe Wang and Rajiv Ranjan and Jinjun Chen and Boualem Benatallah", 
	title		=	{Cloud Computing}, 
	year		=	{2012}, 
	publisher	=	{Taylor und Francis Group} 
}


# - Spring Boot -

@book{SpringBoot2,
	author		=	{Michael Simons},
	title		=	{Spring Boot 2},
	year		=	{2018},
	publisher	=	{dpunkt.verlag GmbH}
}

# - Angular -

@book{ProAngular6,
	author		=	{Adam Freeman},
	title		=	{Pro Angular 6, 3. Aufl.,},
	location	=	{London, UK},
	year		=	{2018},
	hyphenation	=	{german}
}

# - Docker -

@book{MasteringDocker,
	author		=	{Scott Gallagher},
	title		=	{Mastering Docker},
	year		=	{2015},
	publisher	=	{Packt Publishing Limited}
}

@book{TheDockerBook,
	author		=	{James Turnbull},
	title 		=	{The Docker Book: Containerization Is the New Virtualization},
	year		=	{2015},
	publisher	=	{O’Reilly Media, Inc.}
}

@book{DevelopingWithDocker,
	author		=	{Jaroslaw Krochmalski},
	title		=	{Developing with Docker},
	year		=	{2016},
	publisher	=	{Packt Publishing Limited}
}

# - Containerization -

@book{GettingStartedWithContainerization,
	author		=	{Gabriel Schenker and Hideto Saito and Hui-Chan Chloe Lee and Ke-Jou Carol Hsu},
	title		=	{Getting Started with Containerization},
	year		=	{2019},
	publisher	=	{Packt Publishing Limited}
}

# - Infrastructure as Code -

@book{Morris2017, 
	author		=	{Kief Morris}, 
	title		=	{Infrastructure as Code: Managing Servers in the Cloud}, 
	year		=	{2016}, 
	publisher	=	{O’Reilly Media, Inc.}
}

# - OpenShift -

@book{PicozziHepburnConnor2017, 
	author		=	{Picozzi, Stefano. and Hepburn, and Mike. O\'Connor, Noel}, 
	title		=	{DevOps with Openshift}, 
	year		=	{2017}, 
	publisher	=	{O’Reilly Media, Inc.}
}

@book{LearnOpenShift, 
	author		=	{Zuev, Denis and Kropachev, Artemii and Usov, Aleksey}, 
	title		=	{Learn Openshift}, 
	year		=	{2018}, 
	publisher	=	{Packt Publishing Limited}
}

@book{ArchitectingAndOperatingOpenShiftClusters, 
	author		=	{William Caban}, 
	title		=	{Architecting and Operating OpenShift Clusters}, 
	year		=	{2019}, 
	publisher	=	{Apress}
}

@book{DeployingToOpenShift,
	author		= 	{Graham Dupleton},
	title		= 	{Deploying to OpenShift},
	year		=	{2018},
	publisher	=	{O’Reilly Media, Inc.}
}

# - Testing -

@book{SoftwareQualityAssurance,
	author		= 	{Daniel Galin},
	title		= 	{Software Quality Assurance},
	year		=	{2004},
	publisher	=	{Dorset Press}
}




