@online{3BankenIT,
	author={{3BankenIT}},
	title = {{3 Banken IT GmbH}},
	url = {https://www.3beg.at},
	urldate = {2019-09-02},
	year = {2019}}

@book{ProAngular6,
	author={Adam Freeman},
	title={{Pro Angular 6 - Third Edition}},
	location={London, UK},
	edition={3},
	year={2018},
	hyphenation={english}
}

@book{FullStackReact,
	author={Anthony, Accomazzo and Ari, Lerner and Nate, Murray and Clay, Allsopp and David,
	Gutman and Tyler, McGinnis},
	title={{Fullstack React - The Complete Guide to ReactJS and Friends}},
	publisher={Fullstack.io},
	location={San Francisco, California},
	year={2017},
	hyphenation={english}
}

@book{JavaEE, 
	author={Antonio Goncalves}, 
	title={{Beginning Java EE 7}}, 
	year={{2013}}, 
	publisher={Apress Berkely, USA},
}

@book{SpringBoot2,
	author={{Michael Simons}},
	title={{Spring Boot 2}},
	year={{2018}},
	publisher={{dpunkt.verlag GmbH}}
}